@article{Kurganov2001,
  title={{Semidiscrete central--upwind schemes for hyperbolic conservation laws and Hamilton--Jacobi equations}},
  author={Kurganov, Alexander and Noelle, Sebastian and Petrova, Guergana},
  journal={SIAM Journal on Scientific Computing},
  volume={23},
  number={3},
  pages={707--740},
  year={2001},
  publisher={SIAM}
}