@article{Zoppou,
author = {Zoppou, C and Roberts, S},
file = {:home/jordan/Documents/PhD/project/reading/mendeley/Serre/direct/Zoppou-Roberts-2000 BEHAVIOUR OF FINITE DIFFERENCE SOLUTION OF THE ADVECTION EQUATION.pdf:pdf},
keywords = {accuracy,advection equation,advective-diffusion equation,advective-dispersion equa-,analytical solutions,finite difference scheme,tion},
number = {1},
pages = {1--13},
title = {{Behaviour of finite difference solution of the advection equation}}
}
