@article{Cienfuegos2006,
author = {Cienfuegos, R and Barth\'{e}lemy, E. and Bonneton, P.},
doi = {10.1002/fld.1141},
file = {:home/jordan/.local/share/data/Mendeley Ltd./Mendeley Desktop/Downloaded/Cienfuegos, Barth\~{a} - 2006 - A fourth-order compact \"{y}nite volume scheme for fully nonlinear and weakly dispersive Boussinesq-type equat.pdf:pdf},
issn = {0271-2091},
journal = {International Journal for Numerical Methods in Fluids},
keywords = {boussinesq-type equations,compact schemes,serre equations,\"{y}nite volume method},
month = aug,
number = {11},
pages = {1217--1253},
title = {{A fourth-order compact finite volume scheme for fully nonlinear and weakly dispersive Boussinesq-type equations. Part I: model development and analysis}},
url = {http://doi.wiley.com/10.1002/fld.1141},
volume = {51},
year = {2006}
}
@ARTICLE{Barthelemy-2006-51-1217,
    AUTHOR      = "Cienfuegos, R.and Barth\'{e}lemy,E. and Bonneton, P.",
    TITLE       = "A fourth-order compact finite volume scheme for fully nonlinear and weakly dispersive Boussinesq-type equations. Part I: model development and analysis",
    JOURNAL     = "International Journal for Numerical Methods in Fluids",
    YEAR        = 2006,
    VOLUME      = 51,
    PAGES       = "1217--1253",
    NOTE        = "",
}